@article{lampson1983hints,
  title={Hints for computer system design},
  author={Lampson, Butler},
  year={1983}
}

@article{ritchie1978unix,
  title={The UNIX time-sharing system},
  author={Ritchie, Dennis M and Thompson, Ken},
  journal={Bell System Technical Journal},
  volume={57},
  number={6},
  pages={1905--1929},
  year={1978},
  publisher={Wiley Online Library}
}

@article{lampson1980experience,
  title={Experience with processes and monitors in Mesa},
  author={Lampson, Butler},
  year={1980}
}

@book{jouppi1989available,
  title={Available instruction-level parallelism for superscalar and superpipelined machines},
  author={Jouppi, Norman P and Wall, David W},
  volume={17},
  number={2},
  year={1989},
  publisher={ACM}
}

@article{clark1980comments,
  title={Comments on the case for the reduced instruction set computer, by Patterson and Ditzel},
  author={Clark, Douglas W and Strecker, William D},
  journal={ACM SIGARCH Computer Architecture News},
  volume={8},
  number={6},
  pages={34--38},
  year={1980},
  publisher={ACM}
}

@article{patterson1980case,
  title={The case for the reduced instruction set computer},
  author={Patterson, David A and Ditzel, David R},
  journal={ACM SIGARCH Computer Architecture News},
  volume={8},
  number={6},
  pages={25--33},
  year={1980},
  publisher={ACM}
}

@article{hill2008amdahl,
  title={Amdahl's law in the multicore era},
  author={Hill, Mark D and Marty, Michael R},
  journal={Computer},
  volume={41},
  number={7},
  pages={33--38},
  year={2008},
  publisher={IEEE}
}

@inproceedings{amdahl1967validity,
  title={Validity of the single processor approach to achieving large scale computing capabilities},
  author={Amdahl, Gene M},
  booktitle={Proceedings of the April 18-20, 1967, spring joint computer conference},
  pages={483--485},
  year={1967},
  organization={ACM}
}

@misc{moore1965cramming,
  title={Cramming more components onto integrated circuits},
  author={Moore, Gordon E and others},
  year={1965},
  publisher={McGraw-Hill New York, NY, USA:}
}

@article{amdahl1964architecture,
  title={Architecture of the IBM System/360},
  author={Amdahl, Gene M and Blaauw, Gerrit A and Brooks, Frederick P},
  journal={IBM Journal of Research and Development},
  volume={8},
  number={2},
  pages={87--101},
  year={1964},
  publisher={IBM}
}

@inproceedings{haas2017bringing,
  title={Bringing the web up to speed with WebAssembly},
  author={Haas, Andreas and Rossberg, Andreas and Schuff, Derek L and Titzer, Ben L and Holman, Michael and Gohman, Dan and Wagner, Luke and Zakai, Alon and Bastien, JF},
  booktitle={ACM SIGPLAN Notices},
  volume={52},
  number={6},
  pages={185--200},
  year={2017},
  organization={ACM}
}

@article{boehm1988garbage,
  title={Garbage collection in an uncooperative environment},
  author={Boehm, Hans-Juergen and Weiser, Mark},
  journal={Software: Practice and Experience},
  volume={18},
  number={9},
  pages={807--820},
  year={1988},
  publisher={Wiley Online Library}
}

@article{mccarthy1959recursive,
  title={Recursive functions of symbolic expressions and their computation by machine},
  author={McCarthy, John},
  year={1959}
}

@inproceedings{backus1957fortran,
  title={The FORTRAN automatic coding system},
  author={Backus, John W and Beeber, Robert J and Best, Sheldon and Goldberg, Richard and Haibt, L Mitchell and Herrick, Harlan L and Nelson, Robert A and Sayre, David and Sheridan, Peter B and Stern, H and others},
  booktitle={Papers presented at the February 26-28, 1957, western joint computer conference: Techniques for reliability},
  pages={188--198},
  year={1957},
  organization={ACM}
}

@inproceedings{hopper1952education,
  title={The education of a computer},
  author={Hopper, Grace Murray},
  booktitle={Proceedings of the 1952 ACM national meeting (Pittsburgh)},
  pages={243--249},
  year={1952},
  organization={ACM}
}

@Unpublished{elastic-sheet-defined-functions-generalising-spreadsheet-functions-to-variable-size-input-arrays,
  author = {McCutchen, Matt and Borghouts, Judith and Gordon, Andy and Peyton Jones, Simon and Sarkar, Advait},
  title = {Elastic Sheet-Defined Functions: Generalising Spreadsheet Functions to Variable-Size Input Arrays},
  year = {2018},
  month = {November},
  abstract = {Sheet-defined functions (SDFs) bring modularity and abstraction to the world of spreadsheets. Alas, users naturally write SDFs that work over fixed-size arrays, which limits their re-usability.Â  We describe a principled approach to generalising such functions to become elastic SDFs that work over inputs of arbitrary size, including a principal-generalisation theorem and empirical evaluation through a user study.},
  url = {https://www.microsoft.com/en-us/research/publication/elastic-sheet-defined-functions-generalising-spreadsheet-functions-to-variable-size-input-arrays/},
}

@inproceedings{sarkar2018calculation,
  title={Calculation View: multiple-representation editing in spreadsheets},
  author={Sarkar, Advait and Gordon, Andrew D and Jones, Simon Peyton and Toronto, Neil},
  booktitle={2018 IEEE Symposium on Visual Languages and Human-Centric Computing (VL/HCC)},
  pages={85--93},
  year={2018},
  organization={IEEE}
}

@inproceedings{todd2011multi,
  title={Multi-agent system simulation in scala: An evaluation of actors for parallel simulation},
  author={Todd, Aaron B and Keller, Amara K and Lewis, Mark C and Kelly, Martin G},
  booktitle={Proceedings of the International Conference on Parallel and Distributed Processing Techniques and Applications (PDPTA)},
  pages={1},
  year={2011},
  organization={The Steering Committee of The World Congress in Computer Science, Computer Engineering and Applied Computing (WorldComp)}
}

@inproceedings{miller2010using,
  title={Using domain specific language for modeling and simulation: Scalation as a case study},
  author={Miller, John A and Han, Jun and Hybinette, Maria},
  booktitle={Simulation Conference (WSC), Proceedings of the 2010 Winter},
  pages={741--752},
  year={2010},
  organization={IEEE}
}

@article{huet1997zipper,
  title={The zipper},
  author={Huet, G{\'e}rard},
  journal={Journal of functional programming},
  volume={7},
  number={5},
  pages={549--554},
  year={1997},
  publisher={Cambridge University Press}
}

@article{wadler1998expression,
  title={The expression problem},
  author={Wadler, Philip},
  journal={Java-genericity mailing list},
  year={1998}
}

@inproceedings{chen2017typesafe,
 author = {Chen, Tongfei},
 title = {Typesafe Abstractions for Tensor Operations (Short Paper)},
 booktitle = {Proceedings of the 8th ACM SIGPLAN International Symposium on Scala},
 series = {SCALA 2017},
 year = {2017},
 pages = {45--50},
 url = {http://doi.acm.org/10.1145/3136000.3136001},
 doi = {10.1145/3136000.3136001}
}

@incollection{bird1987introduction,
  title={An introduction to the theory of lists},
  author={Bird, Richard S},
  booktitle={Logic of programming and calculi of discrete design},
  pages={5--42},
  year={1987},
  publisher={Springer}
}

@inproceedings{graham1982gprof,
  title={Gprof: A call graph execution profiler},
  author={Graham, Susan L and Kessler, Peter B and Mckusick, Marshall K},
  booktitle={ACM Sigplan Notices},
  volume={17},
  number={6},
  pages={120--126},
  year={1982},
  organization={ACM}
}

@book{patterson1988case,
  title={A case for redundant arrays of inexpensive disks (RAID)},
  author={Patterson, David A and Gibson, Garth and Katz, Randy H},
  volume={17},
  number={3},
  year={1988},
  publisher={ACM}
}

@inproceedings{rinard2004enhancing,
  title={Enhancing Server Availability and Security Through Failure-Oblivious Computing.},
  author={Rinard, Martin C and Cadar, Cristian and Dumitran, Daniel and Roy, Daniel M and Leu, Tudor and Beebee, William S},
  booktitle={OSDI},
  volume={4},
  pages={21--21},
  year={2004}
}

@inproceedings{berger2006diehard,
  title={DieHard: probabilistic memory safety for unsafe languages},
  author={Berger, Emery D and Zorn, Benjamin G},
  booktitle={Acm sigplan notices},
  volume={41},
  number={6},
  pages={158--168},
  year={2006},
  organization={ACM}
}

@inproceedings{curtsinger2015c,
  title={C oz: finding code that counts with causal profiling},
  author={Curtsinger, Charlie and Berger, Emery D},
  booktitle={Proceedings of the 25th Symposium on Operating Systems Principles},
  pages={184--197},
  year={2015},
  organization={ACM}
}

@article{miller1990empirical,
  title={An empirical study of the reliability of UNIX utilities},
  author={Miller, Barton P and Fredriksen, Louis and So, Bryan},
  journal={Communications of the ACM},
  volume={33},
  number={12},
  pages={32--44},
  year={1990},
  publisher={ACM}
}

@inproceedings{godefroid2005dart,
  title={DART: directed automated random testing},
  author={Godefroid, Patrice and Klarlund, Nils and Sen, Koushik},
  booktitle={ACM Sigplan Notices},
  volume={40},
  number={6},
  pages={213--223},
  year={2005},
  organization={ACM}
}

@article{bessey2010few,
  title={A few billion lines of code later: using static analysis to find bugs in the real world},
  author={Bessey, Al and Block, Ken and Chelf, Ben and Chou, Andy and Fulton, Bryan and Hallem, Seth and Henri-Gros, Charles and Kamsky, Asya and McPeak, Scott and Engler, Dawson},
  journal={Communications of the ACM},
  volume={53},
  number={2},
  pages={66--75},
  year={2010},
  publisher={ACM}
}

@inproceedings{nethercote2007valgrind,
  title={Valgrind: a framework for heavyweight dynamic binary instrumentation},
  author={Nethercote, Nicholas and Seward, Julian},
  booktitle={ACM Sigplan notices},
  volume={42},
  number={6},
  pages={89--100},
  year={2007},
  organization={ACM}
}

@article{nakamoto2008bitcoin,
  title={Bitcoin: A peer-to-peer electronic cash system},
  author={Nakamoto, Satoshi and others},
  year={2008},
  publisher={Working Paper}
}

@inproceedings{wadler1995monads,
  title={Monads for functional programming},
  author={Wadler, Philip},
  booktitle={International School on Advanced Functional Programming},
  pages={24--52},
  year={1995},
  organization={Springer}
}

@inproceedings{siek2008gradual,
  title={Gradual typing with unification-based inference},
  author={Siek, Jeremy G and Vachharajani, Manish},
  booktitle={Proceedings of the 2008 symposium on Dynamic languages},
  pages={1--12},
  year={2008}
}

@article{rastogi2012ins,
  title={The ins and outs of gradual type inference},
  author={Rastogi, Aseem and Chaudhuri, Avik and Hosmer, Basil},
  journal={ACM SIGPLAN Notices},
  volume={47},
  number={1},
  pages={481--494},
  year={2012},
  publisher={ACM New York, NY, USA}
}